<record><leader>00000cas a22000007a 4500</leader><controlfield tag="001">11022499</controlfield><controlfield tag="008">840806d187u187uinuwr ne      0    0eng d</controlfield><datafield ind1=" " ind2=" " tag="010"><subfield code="a">sn 84027333 </subfield></datafield><datafield ind1=" " ind2=" " tag="040"><subfield code="a">NPU</subfield><subfield code="b">eng</subfield><subfield code="c">NPU</subfield><subfield code="d">NPI</subfield><subfield code="d">MGN</subfield><subfield code="d">OCLCQ</subfield></datafield><datafield ind1=" " ind2=" " tag="042"><subfield code="a">msc</subfield></datafield><datafield ind1="0" ind2=" " tag="130"><subfield code="a">Indianian (Danville, Ind.)</subfield></datafield><datafield ind1="1" ind2="4" tag="245"><subfield code="a">The Indianian.</subfield></datafield><datafield ind1=" " ind2=" " tag="260"><subfield code="a">Danville, Ind. :</subfield><subfield code="b">C.N. Walls</subfield></datafield><datafield ind1=" " ind2=" " tag="300"><subfield code="a">v. ;</subfield><subfield code="c">47 cm.</subfield></datafield><datafield ind1=" " ind2=" " tag="310"><subfield code="a">Weekly</subfield></datafield><datafield ind1=" " ind2=" " tag="500"><subfield code="a">"Enlisted in the cause of Democracy, news, education, and local interests of Hendricks County."</subfield></datafield><datafield ind1=" " ind2=" " tag="588"><subfield code="a">Description based on: Vol. 3, no. 10 (Mar. 6, 1873).</subfield></datafield><datafield ind1=" " ind2=" " tag="752"><subfield code="a">United States</subfield><subfield code="b">Indiana</subfield><subfield code="c">Hendricks</subfield><subfield code="d">Danville.</subfield></datafield><datafield ind1="0" ind2="0" tag="780"><subfield code="t">Weekly Indianian (Danville, Ind. : 1870)</subfield><subfield code="w">(DLC)sn 86058999</subfield></datafield><datafield ind1="0" ind2="0" tag="785"><subfield code="t">Weekly Indianian (Danville, Ind. : 1874)</subfield><subfield code="w">(DLC)sn 84023906</subfield><subfield code="w">(OCoLC)11059744</subfield></datafield></record>